% Encoding: UTF-8

@Book{Gelbaum_Olmsted_1967,
  author       = {Гелбаум, Б. and Олмстед, Дж.},
  title        = {Контрпримеры в анализе},
  language     = {russian},
  origlanguage = {english},
  pagetotal    = {252},
  publisher    = {Мир},
  address      = {М.},
  hyphenation  = {russian},
  year         = {1967},
}

@Book{Kosinski_2007,
  title       = {Differential Manifolds},
  publisher   = {Dover Publications},
  year        = {2007},
  author      = {Kosinski, Antoni A.},
  series      = {Dover Book on Mathematics},
  isbn        = {978-0-486-46244-8},
  hyphenation = {english},
  language    = {english},
  lccn        = {2007018107},
}

@Book{Dubrovin_Novikov_Fomenko_1986,
  author      = {Дубровин, Б. А. and Новиков, C. П. and Фоменко, А. Т.},
  title       = {Современная геометрия: Методы и приложения},
  year        = {1986},
  language    = {russian},
  edition     = {2-е изд., перераб.},
  publisher   = {<<Наука>>, Гл. ред. физ.-мат. лит.},
  pagetotal   = {760},
  address     = {М.},
  hyphenation = {russian},
}

@Book{Viro_2018,
  author      = {Виро, О. Я. and Иванов, О. А. and Нецветаев, Н. Ю. and Харламов, В. М.},
  title       = {Элементарная топология},
  edition     = {3-е изд., доп.},
  language    = {russian},
  pagetotal   = {358+x c.},
  publisher   = {МЦНМО},
  address     = {М.},
  hyphenation = {russian},
  year        = {2018},
}

@Book{Rokhlin_Fuchs_1977,
  author      = {Рохлин, В. А. and Фукс, Д. Б.},
  title       = {Начальный курс топологии. Геометрические главы},
  language    = {russian},
  pagetotal   = {488},
  publisher   = {Наука, Гл. ред. физ.-мат. лит.},
  address     = {М.},
  hyphenation = {russian},
  year        = {1977},
}

@Comment{jabref-meta: databaseType:biblatex;}
